@article{Kac1977,
  title={Lie superalgebras}, volume={26}, url={https://core.ac.uk/download/pdf/81957395.pdf}, number={1}, journal={Advances in mathematic}, author={Kac, Victor G}, year={1977} }

@inproceedings{Kac_1978,
  address={Berlin, Heidelberg}, series={Lecture Notes in Mathematics}, title={Representations of classical lie superalgebras}, ISBN={978-3-540-35721-6}, DOI={10.1007/BFb0063691}, booktitle={Differential Geometrical Methods in Mathematical Physics II}, publisher={Springer}, author={Kac, V.}, editor={Bleuler, Konrad and Reetz, Axel and Petry, Herbert Rainer}, year={1978}, pages={597–626}, collection={Lecture Notes in Mathematics}, language={en} }

@book{Musson_2012, address={Providence, Rhode Island}, series={Graduate Studies in Mathematics}, title={Lie Superalgebras and Enveloping Algebras}, volume={131}, ISBN={978-0-8218-6867-6}, url={http://www.ams.org/gsm/131}, DOI={10.1090/gsm/131}, publisher={American Mathematical Society}, author={Musson, Ian}, year={2012}, month=apr, collection={Graduate Studies in Mathematics}, language={en} }


@article{Mikhaylov_Witten_2015,
  title={Branes and Supergroups}, volume={340}, ISSN={1432-0916}, url={https://doi.org/10.1007/s00220-015-2449-y}, DOI={10.1007/s00220-015-2449-y}, abstractNote={Extending previous work that involved D3-branes ending on a fivebrane with $${theta_{mathrm{YM}}neq 0}$$, we consider a similar two-sided problem. This construction, in case the fivebrane is of NS type, is associated to the three-dimensional Chern–Simons theory of a supergroup $${{rm U}(m|n)}$$or $${{rm OS}_{rm p}(m|2n)}$$rather than an ordinary Lie group as in the one-sided case. By S-duality, we deduce a dual magnetic description of the supergroup Chern–Simons theory; a slightly different duality, in the orthosymplectic case, leads to a strong-weak coupling duality between certain supergroup Chern–Simons theories on $${mathbb{R}^{3}}$$; and a further T-duality leads to a version of Khovanov homology for supergroups. Some cases of these statements are known in the literature. We analyze how these dualities act on line and surface operators.}, number={2}, journal={Communications in Mathematical Physics}, author={Mikhaylov, Victor and Witten, Edward}, year={2015}, month=dec, pages={699–832}, language={en} }

@article{Brown_Geer_2024,
  title={Quantum invariants arising from $U_h\mathfrak{sl}(2|1)$ are q-holonomic}, url={http://arxiv.org/abs/2403.12882}, DOI={10.48550/arXiv.2403.12882}, abstractNote={We show that the quantum invariants arising from typical representations of the quantum group $U_hmathfrak{sl}(2|1)$ are q-holonomic. In particular, this implies the existence of an underlying field theory for which this family of invariants are partition functions.}, note={arXiv:2403.12882}, number={arXiv:2403.12882}, publisher={arXiv}, author={Brown, Jennifer and Geer, Nathan}, year={2024}, month=mar }

@article{Garoufalidis_Le_2016,
  title={A survey of $q$-holonomic functions}, url={http://arxiv.org/abs/1601.07487}, abstractNote={We give a survey of basic facts of $q$-holonomic functions of one or several variables, following Zeilberger and Sabbah. We provide detailed proofs and examples.}, note={arXiv: 1601.07487}, journal={arXiv:1601.07487 [hep-th]}, author={Garoufalidis, Stavros and Le, T. T. Q.}, year={2016}, month=sep, language={en} }

 @article{Garoufalidis_Le_2005, title={The colored {Jones} function is q-holonomic}, volume={9}, number={3}, journal={Geometry \& Topology}, author={Garoufalidis, Stavros and Lê, Thang TQ}, year={2005}, pages={1253–1293} }

@article{Sabbah_1993, title={Systèmes holonomes d’èquations aux q-diffèrences}, url={https://perso.pages.math.cnrs.fr/users/claude.sabbah/articles/eqdfbis.pdf}, journal={D-modules and mircolocal geometry}, author={Sabbah, Claude}, editor={M. Kashiwara, T. Monteiro-Fernandes and Schapira, P.}, year={1993}, pages={125–147}, language={fr} }

 @article{Geer_2007, title={Some remarks on quantized Lie superalgebras of classical type}, volume={314}, ISSN={0021-8693}, url={https://www.sciencedirect.com/science/article/pii/S0021869307002578}, DOI={10.1016/j.jalgebra.2006.10.045}, abstractNote={In this paper we use the Etingof–Kazhdan quantization of Lie bi-superalgebras to investigate some interesting questions related to Drinfeld–Jimbo type superalgebra associated to a Lie superalgebra of classical type. It has been shown that the D-J type superalgebra associated to a Lie superalgebra of type A-G, with the distinguished Cartan matrix, is isomorphic to the E-K quantization of the Lie superalgebra. The first main result in the present paper is to extend this to arbitrary Cartan matrices. This paper also contains two other main results: (1) a theorem stating that all highest weight modules of a Lie superalgebra of type A-G can be deformed to modules over the corresponding D-J type superalgebra and (2) a super version of the Drinfeld–Kohno theorem.}, number={2}, journal={Journal of Algebra}, author={Geer, Nathan}, year={2007}, month=aug, pages={565–580} }

 @article{Yamane_1994, title={Quantized Enveloping Algebras Associated with Simple Lie Superalgebras and Their Universal {R}-matrices}, volume={30}, ISSN={0034-5318}, url={https://ems.press/journals/prims/articles/3718}, DOI={10.2977/prims/1195166275}, abstractNote={Hiroyuki Yamane}, number={1}, journal={Publications of the Research Institute for Mathematical Sciences}, author={Yamane, Hiroyuki}, year={1994}, month=feb, pages={15–87}, language={en} }

@article{Geer_2006, title={{Etingof–Kazhdan} quantization of {Lie} superbialgebras}, volume={207}, ISSN={0001-8708}, url={https://www.sciencedirect.com/science/article/pii/S0001870805004019}, DOI={10.1016/j.aim.2005.11.005}, abstractNote={For every semi-simple Lie algebra g one can construct the Drinfeld–Jimbo algebra UhDJ(g). This algebra is a deformation Hopf algebra defined by genera…}, number={1}, journal={Advances in Mathematics}, publisher={Academic Press}, author={Nathan Geer}, year={2006}, month=dec, pages={1–38}, language={en-US} }

 @book{Lusztig_2010, address={Boston}, title={Introduction to Quantum Groups}, rights={https://www.springernature.com/gp/researchers/text-and-data-mining}, ISBN={978-0-8176-4716-2}, url={https://link.springer.com/10.1007/978-0-8176-4717-9}, DOI={10.1007/978-0-8176-4717-9}, publisher={Birkhäuser}, author={Lusztig, George}, year={2010}, language={en} }

